<?xml version="1.0" encoding="utf-8"?>
<record xmlns="http://www.loc.gov/MARC21/slim" xmlns:xsi="http://www.w3.org/2001/XMLSchema-instance" xsi:schemaLocation="http://www.loc.gov/MARC21/slim http://www.loc.gov/standards/marcxml/schema/MARC21slim.xsd">
	<leader>     nam a22     Mi 4500</leader>
	<controlfield tag="001">b12525777</controlfield>
	<controlfield tag="003">LeBAU</controlfield>
	<controlfield tag="006">m        d        </controlfield>
	<controlfield tag="007">cr cn |||m|||a</controlfield>
	<controlfield tag="008">200121s1932    le      o     ||0 d ara d</controlfield>
	<datafield ind1=" " ind2=" " tag="040">
		<subfield code="a">ZYU</subfield>
		<subfield code="b">ara</subfield>
		<subfield code="e">rda</subfield>
		<subfield code="c">ZYU</subfield>
	</datafield>
	<datafield ind1="1" ind2=" " tag="041">
		<subfield code="a">ara</subfield>
		<subfield code="h">fre</subfield>
	</datafield>
	<datafield ind1="0" ind2="4" tag="082">
		<subfield code="a">842.42</subfield>
		<subfield code="2">20</subfield>
	</datafield>
	<datafield ind1="0" ind2=" " tag="100">
		<subfield code="6">880-01</subfield>
		<subfield code="a">Molière,</subfield>
		<subfield code="d">1622-1673,</subfield>
		<subfield code="e">author.</subfield>
	</datafield>
	<datafield ind1="1" ind2="0" tag="240">
		<subfield code="a">Malade imaginaire.</subfield>
		<subfield code="l">Arabic.</subfield>
	</datafield>
	<datafield ind1="1" ind2="0" tag="245">
		<subfield code="6">880-02</subfield>
		<subfield code="a">Marīḍ al-wahm :</subfield>
		<subfield code="b">riwāyah tamthīlīyah hazalīyah dhāt thalāthat fuṣūl /</subfield>
		<subfield code="c">Mūliyīr ; taʻrīb Ilyās Abū Shabakah.</subfield>
	</datafield>
	<datafield ind1=" " ind2="1" tag="264">
		<subfield code="6">880-03</subfield>
		<subfield code="a">Bayrūt :</subfield>
		<subfield code="b">Maktabat Ṣādir,</subfield>
		<subfield code="c">[1932]</subfield>
	</datafield>
	<datafield ind1=" " ind2=" " tag="300">
		<subfield code="6">880-04</subfield>
		<subfield code="a">online resource (83 pages)</subfield>
	</datafield>
	<datafield ind1=" " ind2=" " tag="336">
		<subfield code="a">text</subfield>
		<subfield code="2">rdacontent</subfield>
	</datafield>
	<datafield ind1=" " ind2=" " tag="337">
		<subfield code="a">computer</subfield>
		<subfield code="2">rdamedia</subfield>
	</datafield>
	<datafield ind1=" " ind2=" " tag="338">
		<subfield code="a">online resource</subfield>
		<subfield code="2">rdacarrier</subfield>
	</datafield>
	<datafield ind1=" " ind2=" " tag="500">
		<subfield code="a">ترجمة كتاب: Malade imaginaire.</subfield>
	</datafield>
	<datafield ind1=" " ind2=" " tag="500">
		<subfield code="a">Part of the Arabic Collections Online (ACO) project, contributed by American University of Beirut's Jafet Memorial Library.</subfield>
	</datafield>
	<datafield ind1=" " ind2=" " tag="533">
		<subfield code="a">Electronic reproduction.</subfield>
		<subfield code="b">New York, N.Y. :</subfield>
		<subfield code="c">New York University,</subfield>
		<subfield code="d">2020.</subfield>
		<subfield code="5">NNU</subfield>
	</datafield>
	<datafield ind1=" " ind2="4" tag="650">
		<subfield code="a">المسرحية الفرنسية</subfield>
		<subfield code="v">ترجمات الى العربية.</subfield>
	</datafield>
	<datafield ind1=" " ind2="0" tag="650">
		<subfield code="a">French drama</subfield>
		<subfield code="v">Translations into Arabic.</subfield>
	</datafield>
	<datafield ind1=" " ind2="4" tag="655">
		<subfield code="a">مسرحيات.</subfield>
	</datafield>
	<datafield ind1=" " ind2="0" tag="655">
		<subfield code="a">Drama.</subfield>
	</datafield>
	<datafield ind1="1" ind2=" " tag="700">
		<subfield code="6">880-05</subfield>
		<subfield code="a">Abū Shabakah, Ilyās,</subfield>
		<subfield code="d">1904-1947,</subfield>
		<subfield code="e">translator.</subfield>
	</datafield>
	<datafield ind1="2" ind2=" " tag="710">
		<subfield code="a">Jafet Memorial Library.</subfield>
	</datafield>
	<datafield ind1="0" ind2=" " tag="730">
		<subfield code="a">Arabic Collections Online.</subfield>
	</datafield>
	<datafield ind1="0" ind2="8" tag="765">
		<subfield code="6">880-07</subfield>
		<subfield code="i">is free translation of (work)</subfield>
		<subfield code="4">http://rdaregistry.info/Elements/w/P10143 :</subfield>
		<subfield code="a">Molière, 1622-1673.</subfield>
		<subfield code="t">Le malade imaginaire : comedie.</subfield>
		<subfield code="d">London : printed for John Watts at the Printing-Office in Wild-Court near Lincoln's-Inn Fields, MDCCXXXII. [1732]</subfield>
		<subfield code="w">(OCoLC)745054707</subfield>
		<subfield code="w">(OCoLC)745054707</subfield>
	</datafield>
	<datafield ind1="0" ind2="8" tag="775">
		<subfield code="6">880-06</subfield>
		<subfield code="i">has designation of edition</subfield>
		<subfield code="4">http://rdaregistry.info/Elements/m/P30133 :</subfield>
		<subfield code="t">Marīḍ al-wahm : hazalīyah tamthīlīyah dhāt thalāthat fuṣūl.</subfield>
		<subfield code="d">Bayrūt : Maktabat Ṣādir, 1951</subfield>
		<subfield code="w">(OCoLC)784528808</subfield>
		<subfield code="w">(OCoLC)784528808</subfield>
	</datafield>
	<datafield ind1="0" ind2="8" tag="776">
		<subfield code="i">Print version:</subfield>
		<subfield code="a">Molière, 1622-1673, author.</subfield>
		<subfield code="t">Marīḍ al-wahm</subfield>
		<subfield code="w">(LeBAU)b12525777</subfield>
	</datafield>
	<datafield ind1="4" ind2="0" tag="856">
		<subfield code="u">http://hdl.handle.net/2333.1/bnzs7sft</subfield>
	</datafield>
	<datafield ind1="0" ind2=" " tag="880">
		<subfield code="6">100-01</subfield>
		<subfield code="a">موليير،</subfield>
		<subfield code="d">1622-1673،</subfield>
		<subfield code="e">مؤلف.</subfield>
		<subfield code="4">aut.</subfield>
	</datafield>
	<datafield ind1="1" ind2="0" tag="880">
		<subfield code="6">245-02</subfield>
		<subfield code="a">مريض الوهم :</subfield>
		<subfield code="b">رواية تمثيلية هزلية ذات ثلاثة فصول /</subfield>
		<subfield code="c">مولير ؛ تعريب إلياس أبو شبكة.</subfield>
	</datafield>
	<datafield ind1=" " ind2="1" tag="880">
		<subfield code="6">264-03</subfield>
		<subfield code="a">بيروت :</subfield>
		<subfield code="b">مكتبة صادر،</subfield>
		<subfield code="c">[1932]</subfield>
	</datafield>
	<datafield ind1=" " ind2=" " tag="880">
		<subfield code="6">300-04</subfield>
		<subfield code="a">83 صفحة ؛</subfield>
		<subfield code="c">20 سم</subfield>
	</datafield>
	<datafield ind1="1" ind2=" " tag="880">
		<subfield code="6">700-05</subfield>
		<subfield code="a">أبو شبكة، إلياس،</subfield>
		<subfield code="d">1904-1947،</subfield>
		<subfield code="e">مترجم.</subfield>
		<subfield code="4">trl.</subfield>
	</datafield>
	<datafield ind1="0" ind2=" " tag="880">
		<subfield code="6">775-06</subfield>
		<subfield code="i">دلالة على الطبعة</subfield>
		<subfield code="4">http://rdaregistry.info/Elements/m/P30133 :</subfield>
		<subfield code="t">مريض الوهم : هزلية تمثيلية ذات ثلاثة فصول.</subfield>
		<subfield code="d">بيروت : مكتبة صادر، 1951</subfield>
		<subfield code="w">b12933508</subfield>
		<subfield code="w">(OCoLC)784528808</subfield>
	</datafield>
	<datafield ind1="0" ind2="8" tag="880">
		<subfield code="6">765-07</subfield>
		<subfield code="i">ترجمة حرة (عمل)</subfield>
		<subfield code="4">http://rdaregistry.info/Elements/w/P10143 :</subfield>
		<subfield code="a">Molière, 1622-1673.</subfield>
		<subfield code="t">Le malade imaginaire : comedie.</subfield>
		<subfield code="d">London : printed for John Watts at the Printing-Office in Wild-Court near Lincoln's-Inn Fields, MDCCXXXII. [1732]</subfield>
		<subfield code="w">b17043979</subfield>
		<subfield code="w">(OCoLC)745054707</subfield>
	</datafield>
	<datafield ind1=" " ind2=" " tag="959">
		<subfield code="a">NNU</subfield>
		<subfield code="b">WEB</subfield>
		<subfield code="c">GENI</subfield>
		<subfield code="t">0</subfield>
		<subfield code="m">Electronic access</subfield>
		<subfield code="s">01</subfield>
	</datafield>
	<datafield ind1=" " ind2=" " tag="999">
		<subfield code="i">LeBAU_b12525777</subfield>
		<subfield code="s">aub_aco002836</subfield>
		<subfield code="e">(ERROR-880)(ERROR-MISC)</subfield>
		<subfield code="s">aub_aco002836</subfield>
	</datafield>
</record>
